<?xml version="1.0" encoding="UTF-8"?><collection xmlns="http://www.loc.gov/MARC21/slim"><record><leader>00409nam--2200133-i-4500</leader><controlfield tag="001">000023775</controlfield><controlfield tag="002">20161230</controlfield><controlfield tag="005">20161230201035</controlfield><controlfield tag="008">060222s1000------------r-----000-0-eng-d</controlfield><datafield ind1=" " ind2=" " tag="080"><subfield code="a">550.3:061.6(438)(01)</subfield></datafield><datafield ind1=" " ind2=" " tag="100"><subfield code="a">Hanyga, Andrzej</subfield></datafield><datafield ind1=" " ind2=" " tag="245"><subfield code="a">Shear waves. publications of the institute of geophysicspolish academy of science</subfield></datafield><datafield ind1=" " ind2=" " tag="260"><subfield code="a">Warszawa, Polska Akademia Nauk, Instgeofizyki,1975.60p</subfield></datafield><datafield ind1=" " ind2=" " tag="852"><subfield code="a">45884</subfield></datafield></record></collection>